@inproceedings{DBLP:conf/icde/ZhuYHYC07,
	author    = { Feida Zhu and Xifeng Yan and Jiawei Han and Philip S. Yu and Hong Cheng},
	title     = {Mining Colossal Frequent Patterns by Core Pattern Fusion},
	booktitle = {ICDE},
	year      = {2007},
	pages     = {706-715},
	ee        = {http://dx.doi.org/10.1109/ICDE.2007.367916},
	crossref  = {DBLP:conf/icde/2007},
	bibsource = {DBLP, http://dblp.uni-trier.de}
}

@proceedings{DBLP:conf/icde/2007,
	title     = {Proceedings of the 23rd International Conference on Data Engineering, ICDE 2007,  April 15-20, 2007, The Marmara Hotel, Istanbul, Turkey},
	booktitle = {ICDE},
	publisher = {IEEE},
	year      = {2007},
	bibsource = {DBLP, http://dblp.uni-trier.de}
}

@inproceedings{DBLP:conf/icde/ChengYHH07,
	author    = {Hong Cheng and Xifeng Yan and Jiawei Han and Chih-Wei Hsu},
	title     = {Discriminative Frequent Pattern Analysis for Effective Classification},
	booktitle = {ICDE},
	year      = {2007},
	pages     = {716-725},
	ee        = {http://dx.doi.org/10.1109/ICDE.2007.367917},
	crossref  = {DBLP:conf/icde/2007},
	bibsource = {DBLP, http://dblp.uni-trier.de}
}

@proceedings{DBLP:conf/icde/2007,
	title     = {Proceedings of the 23rd International Conference on Data Engineering, ICDE 2007,  April 15-20, 2007, The Marmara Hotel, Istanbul, Turkey},
	booktitle = {ICDE},
	publisher = {IEEE},
	year      = {2007},
	bibsource = {DBLP, http://dblp.uni-trier.de}
}

@inproceedings{DBLP:conf/icdm/HanWLT02,
	author    = {Jiawei Han and Jianyong Wang and Ying Lu and Petre Tzvetkov},
	title     = {Mining Top-K Frequent Closed Patterns without Minimum Support},
	booktitle = {ICDM},
	year      = {2002},
	pages     = {211-218},
	ee        = {http://computer.org/proceedings/icdm/1754/17540211abs.htm},
	crossref  = {DBLP:conf/icdm/2002},
	bibsource = {DBLP, http://dblp.uni-trier.de}
}

@proceedings{DBLP:conf/icdm/2002,
	title     = {Proceedings of the 2002 IEEE International Conference on Data Mining (ICDM 2002), 9-12 December 2002, Maebashi City, Japan},
	publisher = {IEEE Computer Society},
	year      = {2002},
	isbn      = {0-7695-1754-4},
	bibsource = {DBLP, http://dblp.uni-trier.de}
}

@inproceedings{DBLP:conf/kdd/XinCYH06,
	author    = {Dong Xin and Hong Cheng and Xifeng Yan and Jiawei Han},
	title     = {Extracting redundancy-aware top-k patterns},
	booktitle = {KDD},
	year      = {2006},
	pages     = {444-453},
	ee        = {http://doi.acm.org/10.1145/1150402.1150452},
	crossref  = {DBLP:conf/kdd/2006},
	bibsource = {DBLP, http://dblp.uni-trier.de}
}

@proceedings{DBLP:conf/kdd/2006,
	editor    = {Tina Eliassi-Rad and Lyle H. Ungar and Mark Craven and Dimitrios Gunopulos},
	title     = {Proceedings of the Twelfth ACM SIGKDD International Conference on Knowledge Discovery and Data Mining, Philadelphia, PA, USA, August 20-23, 2006},
	booktitle = {KDD},
	publisher = {ACM},
	year      = {2006},
	isbn      = {1-59593-339-5},
	bibsource = {DBLP, http://dblp.uni-trier.de}
}

@inproceedings{ fu00mining,
	author = "Ada Wai-Chee Fu and Renfrew W.-w. Kwong and Jian Tang",
	title = "Mining  N -most Interesting Itemsets",
	booktitle = "International Syposium on Methodologies for Intelligent Systems",
	pages = "59-67",
	year = "2000",
	url = "citeseer.ist.psu.edu/article/fu00mining.html"
}

@inproceedings{DBLP:conf/pkdd/MielikainenM03,
	author    = {Taneli Mielik{\"a}inen and Heikki Mannila},
	title     = {The Pattern Ordering Problem},
	booktitle = {PKDD},
	year      = {2003},
	pages     = {327-338},
	ee        = {http://springerlink.metapress.com/openurl.asp?genre=article{\&}issn=0302-9743{\&}volume=2838{\&}spage=327},
	crossref  = {DBLP:conf/pkdd/2003},
	bibsource = {DBLP, http://dblp.uni-trier.de}
}

@proceedings{DBLP:conf/pkdd/2003,
	editor    = {Nada Lavrac and Dragan Gamberger and Hendrik Blockeel and Ljupco Todorovski},
	title     = {Knowledge Discovery in Databases: PKDD 2003, 7th European Conference on Principles and Practice of Knowledge Discovery in Databases, Cavtat-Dubrovnik, Croatia, September 22-26, 2003, Proceedings},
	booktitle = {PKDD},
	publisher = {Springer},
	series    = {Lecture Notes in Computer Science},
	volume    = {2838},
	year      = {2003},
	isbn      = {3-540-20085-1},
	bibsource = {DBLP, http://dblp.uni-trier.de}
}

@misc{ zaki99charm,
	author = "M. Zaki and C. Hsiao",
	title = "Charm: an efficient algorithm for closed association rule mining",
	text = "M.J. Zaki and C. Hsiao. Charm: an efficient algorithm for closed association rule mining. Tech. Report., RPI, 1999.",
	year = "1999",
	url = "citeseer.ist.psu.edu/zaki99charm.html"
}

@inproceedings{ gouda01efficiently,
	author = "Karam Gouda and Mohammed Javeed Zaki",
	title = "Efficiently Mining Maximal Frequent Itemsets",
	booktitle = "{ICDM}",
	pages = "163-170",
	year = "2001",
	url = "citeseer.ist.psu.edu/gouda01efficiently.html"
}

@misc{ boulicaut03freesets,
	author = "J. Boulicaut and A. Bykowski and C. Rigotti",
	title = "Free-sets: a condensed representation of Boolean data for the approximation of frequency queries",
	text = "J.-F. Boulicaut, A. Bykowski, and C. Rigotti, Free-sets: a condensed representation of Boolean data for the approximation of frequency queries, Data Mining and Knowledge Discovery, 7 (2003), pp. 5--22.",
	year = "2003",
	url = "citeseer.ist.psu.edu/boulicaut03freesets.html"
}
